@article{lesniewski2010whanau,
  title={Whanau: A sybil-proof distributed hash table},
  author={Lesniewski-Laas, Christopher and Kaashoek, M Frans},
  year={2010},
  publisher={USENIX Association}
}

@inproceedings{montresor2009peersim,
  title={PeerSim: A scalable P2P simulator},
  author={Montresor, Alberto and Jelasity, M{\'a}rk},
  booktitle={Peer-to-Peer Computing, 2009. P2P'09. IEEE Ninth International Conference on},
  pages={99--100},
  year={2009},
  organization={IEEE}
}

@article{thurau2012akka,
  title={Akka framework},
  author={Thurau, Martin},
  journal={University of L{\"u}beck},
  year={2012}
}

@article{stoica2001chord,
  title={Chord: A scalable peer-to-peer lookup service for internet applications},
  author={Stoica, Ion and Morris, Robert and Karger, David and Kaashoek, M Frans and Balakrishnan, Hari},
  journal={ACM SIGCOMM Computer Communication Review},
  volume={31},
  number={4},
  pages={149--160},
  year={2001},
  publisher={ACM}
}

@inproceedings{maymounkov2002kademlia,
  title={Kademlia: A peer-to-peer information system based on the xor metric},
  author={Maymounkov, Petar and Mazieres, David},
  booktitle={International Workshop on Peer-to-Peer Systems},
  pages={53--65},
  year={2002},
  organization={Springer}
}

@article{barabasi1999emergence,
  title={Emergence of scaling in random networks},
  author={Barab{\'a}si, Albert-L{\'a}szl{\'o} and Albert, R{\'e}ka},
  journal={science},
  volume={286},
  number={5439},
  pages={509--512},
  year={1999},
  publisher={American Association for the Advancement of Science}
}